3556 4324
259 155 260 158 ‘
325 195 410 268 ,55
469 263 472 268 Ι
579 179 703 244 claua
716 181 799 243 vlll.
822 177 917 242 cna.
937 187 969 246 r.
983 189 1015 246 e.
1052 187 1092 257 [a.
1104 185 1145 242 u.
1161 204 1195 242 ο.
1213 180 1326 251 415]

359 327 544 418 qmperIa,
566 339 622 393 aut
643 332 825 409 impunitate
840 331 877 391 in
903 339 1113 409 perpetuum
1127 332 1425 434 abroganda,

371 418 538 507 quidem,
562 415 591 475 si
607 417 686 494 quid
701 417 733 476 in
747 421 779 476 te
793 416 904 477 nostri
921 417 1100 494 sanguinis
1116 427 1188 497 est,
1222 395 1506 520 recusamus
1521 423 1555 488 p„

378 515 506 576 seam,
530 499 605 574 quin
629 499 826 576 disciplinam
851 500 1034 563 militarem
1058 503 1164 581 culpa
1191 509 1275 566 tua
1307 515 1445 604 prola·
1470 493 1555 566 een.

385 597 510 674 poena
527 584 685 647 restituas.
722 584 741 660 i,
757 582 871 660 lictor,
899 587 1015 664 deIIga
1031 587 1075 648 ad
1088 589 1269 666 pulum“.
1328 563 1554 694 exanimum

393 683 515 744 omnes
529 673 593 735 tam
608 667 705 731 auoci
719 667 868 744 imperio,
894 683 960 731 nee
977 670 1070 732 aliter
1086 687 1201 750 quarn
1222 671 1270 733 in
1293 687 1352 736 se
1375 654 1552 782 qffiffliau·

398 753 584 824 destrictam
597 757 757 814 cernentes
770 767 939 832 securem,
955 761 1046 818 metu
1056 757 1169 834 magis
1185 771 1325 834 quam
1341 743 1544 868 mosque

403 843 565 922 quievere.
588 837 691 913 itaque
704 837 790 896 velut
801 849 941 900 emerso
954 839 997 902 ab
1009 841 1250 904 admiratione
1269 847 1422 940 animo
1452 827 1535 898 esula

406 922 531 991 silentio
547 921 643 982 defixi
657 919 828 992 stetissent,
847 931 1001 1001 repente,
1017 933 1210 1004 postquam
1227 932 1435 1021 cervice»
1458 917 1530 980 cun,

401 1015 498 1073 lusus
514 1011 562 1066 est
577 1019 677 1077 cruor,
692 1011 756 1065 tum
771 1003 882 1068 libero
900 1016 1085 1084 conquestu
1101 1019 1263 1074 coortae
1277 989 1530 1110 v0008⁰flesa

407 1103 442 1158 ua
452 1103 555 1165 neque
566 1087 706 1147 lamontIs
718 1101 825 1161 neque
838 1092 1128 1158 exsecrationibus
1141 1111 1411 1184 parcerem„
1432 1079 1525 1160 Sunt,

407 1179 522 1252 nisque
546 1176 722 1234 contectum
742 1169 875 1233 Iuvenis
901 1189 1041 1252 eorpus,
1067 1187 1245 1255 quantum
1281 1194 1367 1260 mpp·
1398 1165 1519 1244 ’,8Ρο-

410 1257 521 1325 studiis
536 1257 629 1319 funus
643 1254 740 1314 ullum
755 1259 986 1320 concelebrari
1001 1268 1119 1338 potest,
1137 1271 1287 1326 suuoto
1304 1290 1417 1367 ema
1430 1235 1515 1308 ¹bus

409 1347 474 1407 lum
491 1353 568 1417 rogo
584 1344 788 1407 memoratum
812 1337 1051 1421 Manlianaque
1065 1347 1212 1423 imperia
1232 1365 1312 1419 non

411 1427 512 1492 sentia
524 1423 619 1486 modo
635 1422 802 1496 horrenda,
820 1425 887 1485 sed
902 1430 1044 1506 exempli
1059 1431 1155 1492 etiam
1171 1433 1291 1496 tristis

410 1530 478 1577 rum
494 1515 609 1570 essent.

495 1592 576 1652 VIII.
597 1587 683 1650 Fecit
706 1592 811 1648 tamen
839 1595 999 1656 atrocitas
1028 1611 1155 1674 poenae
1185 1601 1295 1670 obedi

1313 1369 1369 1462 ,ἰῃ
1386 1328 1509 1465 Prone-L

1308 1463 1347 1515 ¹¹²
1357 1479 1490 1544 Poste-

1296 1627 1468 1708 cuderem

413 1677 485 1744 duci
499 1675 638 1744 militem,
661 1677 691 1730 et
705 1677 936 1750 praeterquam
954 1683 1044 1756 quod
1059 1683 1234 1746 custodiae
1250 1692 1460 1790 vigffiaeque

412 1775 443 1826 et
458 1761 535 1825 ordo
551 1757 717 1820 stationum
727 1755 908 1821 intentioris
921 1761 1045 1840 ubique
1056 1781 1152 1828 curae
1163 1775 1269 1848 erant,
1285 1779 1319 1842 j„
1331 1791 1449 1862 „pu-mo

412 1849 505 1910 etiam
520 1841 694 1912 mannire,
711 1853 782 1898 cum
798 1839 997 1909 descensum
1013 1850 1046 1910 in
1061 1852 1161 1912 aciem
1178 1859 1240 1928 est,
1260 1871 1300 1921 ea
1315 1881 1442 1938 sem

412 1939 462 1994 tas
476 1925 600 2007 proluit.
629 1923 686 1984 luit
700 1928 805 1983 autem
820 1926 907 1990 civili
922 1933 1063 1996 maxime
1076 1933 1160 1996 bello
1177 1951 1289 2012 pugna
1303 1948 1438 2017 sqmij,

413 2017 494 2087 adeo
515 2009 590 2071 nihil
606 2005 690 2085 apud
703 2005 834 2102 Latinos
851 2012 1021 2076 dissonum
1036 2018 1077 2078 ab
1091 2017 1237 2079 Romana
1249 2039 1287 2084 re
1300 2042 1437 2102 praeter

414 2101 536 2162 animos
551 2099 626 2154 erat.
658 2089 772 2163 elipers
788 2099 883 2156 antea
896 2098 1033 2161 Romani
1049 2102 1099 2163 usi
1114 2109 1204 2177 sunt,
1226 2103 1315 2182 deln,
1336 2125 1432 2187 post.

416 2199 510 2262 quam
524 2172 716 2254 stipendiarii
731 2173 805 2235 iacti
822 2187 911 2257 sunl,
934 2192 1027 2246 scuta
1043 2201 1102 2262 pro
1119 2185 1230 2262 clipeIs
1247 2187 1360 2252 iecere.
1391 2206 1435 2260 ea

415 2267 502 2346 quod
524 2267 614 2324 antei
633 2257 806 2336 phalanges
830 2263 948 2327 slmiles
968 2267 1204 2342 MacedonIcis‚
1226 2269 1288 2330 hoc
1308 2282 1436 2348 postea

414 2345 626 2427 manipulatim
638 2345 755 2404 stmeta
765 2343 853 2406 acles
867 2351 971 2426 eoepit
983 2367 1078 2414 esse:
1097 2359 1259 2432 poslremo
1271 2354 1301 2413 in
1313 2358 1434 2429 plures

415 2436 541 2500 ordines
554 2427 793 2490 instruebantur.
817 2433 910 2501 [ordo
923 2449 1108 2510 sexagenos
1119 2435 1243 2508 milites,
1256 2435 1336 2496 duos
1348 2451 1436 2500 cen-

413 2518 564 2589 turiones,
579 2509 771 2574 vexillarium
787 2525 887 2574 unum
900 2515 1062 2599 habebut]
1092 2515 1196 2597 prima
1210 2517 1294 2577 acics
1308 2517 1438 2586 hastati

416 2609 518 2678 erant,
539 2596 687 2675 manipuli
708 2591 904 2678 quIndecim,
926 2600 1084 2666 distantes
1106 2605 1190 2664 inter
1209 2613 1246 2658 se
1266 2599 1438 2668 modicum

303 2723 307 2735 ·
415 2687 559 2764 spatium.
591 2679 768 2758 manipulus
789 2677 872 2744 levis
885 2684 1016 2746 vicenos
1032 2689 1173 2759 milites,
1197 2681 1440 2764 aliamturbam

415 2777 608 2834 scutatorum
621 2765 772 2829 habebata
794 2763 884 2828 leves
900 2775 999 2829 autem
1014 2772 1074 2845 qui
1085 2773 1217 2833 hastam
1226 2767 1342 2823 lantum
1352 2779 1440 2838 gae-

414 2867 516 2926 saque
530 2855 674 2926 gererent
686 2843 891 2911 vocabantur.
913 2851 990 2911 haec
1005 2855 1118 2926 prIma
1133 2853 1226 2912 mons
1240 2846 1273 2904 in
1289 2844 1354 2905 acie
1368 2847 1441 2910 llo-

413 2951 481 2998 rem
492 2935 638 2996 iuvenum
649 2931 936 3010 pubescentiumad
946 2933 1095 3002 militIarn
1105 2932 1260 2998 habebat.
1273 2927 1447 2996 robustior

413 3019 489 3086 inde
510 3025 596 3080 aetas
611 3017 740 3081 totidem
753 3017 999 3096 manipulorum,
1025 3024 1161 3097 quibus
1181 3009 1371 3106 principibus
1386 3025 1448 3082 est

412 3115 538 3175 nomen,
554 3103 613 3165 hos
629 3102 849 3180 sequebantur,
866 3102 977 3170 scutati
992 3117 1130 3182 omnes,
1150 3094 1326 3171 insIgmbus
1339 3101 1450 3190 maxi.

411 3199 464 3251 me
484 3187 589 3248 armis.
624 3177 830 3261 hoc'niginta
848 3187 1085 3265 manipulorum
1104 3195 1233 3262 agmen
1248 3178 1452 3272 antepilanos

410 3267 630 3350 appellabant,
653 3272 727 3350 quia
747 3269 806 3334 sub
827 3274 926 3350 signis
948 3271 1011 3330 Iam
1027 3272 1086 3334 alii
1105 3263 1304 3348 quindecim
1316 3259 1456 3330 ordines

408 3349 608 3432 locabantur,
630 3373 670 3418 ex
686 3355 797 3432 quibus
814 3359 892 3420 ordo
907 3367 992 3419 unus
1009 3353 1181 3434 quisque
1196 3353 1258 3408 tres
1273 3346 1381 3416 partes
1393 3345 1458 3410 lm.

407 3435 514 3500 Mhi&
550 3453 657 3504 earum
671 3440 802 3519 primam
817 3450 977 3518 quumque
990 3434 1154 3508 prunum
1173 3429 1271 3506 pilum
1284 3423 1460 3496 vocabanu
