3278 4206
345 212 415 288 iau
540 203 671 268 mua
686 201 746 262 uc
779 187 898 258 cAP·
919 183 974 242 2³.
989 185 1032 241 ²4·
1055 185 1092 262 [⁸-
1107 174 1142 246 iJ·
1161 213 1194 256 ο.
1213 212 1290 288 440]

357 361 621 431 flamnarestra,
644 353 796 425 unitates,
830 345 1094 438 ⁰1¹¹¹¹¹¹1¹¹¹0¹fia
1109 341 1164 416 qui
1189 353 1433 442 deleccrumpo·

363 451 513 528 purorum
526 439 654 515 praeda
669 426 922 499 sarcientur&
962 421 994 478 el
1008 429 1145 520 oratione
1161 433 1336 522 dictatoris
1355 463 1433 523 quae

368 524 568 593 necessitatis
582 523 722 584 autimas
738 519 860 581 index
879 509 976 582 erat,
999 506 1111 603 milites
1126 527 1262 586 accensi
1277 529 1383 590 vadunt
1394 531 1430 590 in

371 613 512 683 hostem,
534 615 564 666 et
583 614 761 682 respectus
789 603 880 680 ipse
909 589 1092 694 uidendum
1113 611 1303 686 castrorum,
1324 629 1431 687 quaut-

376 711 470 770 quam
490 689 644 768 proximis
665 697 799 751 tantum
824 713 885 730 ι·-
910 683 960 737 lta
981 692 1063 738 enlm
1084 695 1221 754 iusserat
1236 693 1362 756 (liniator
1377 727 1430 743 .-

298 814 300 818 4
375 778 457 852 ignis
473 781 521 838 ρει
534 774 695 848 subditus,
710 773 807 835 haud
822 777 982 846 parvum
994 761 1052 823 luit
1066 764 1297 838 irritamentum.
1317 779 1424 856 mque

375 861 462 921 velut
476 859 631 922 vecordes
655 859 734 920 illati
750 857 859 932 signa
876 848 994 948 primo
1010 846 1129 923 impetu
1143 855 1279 922 hostium
1292 863 1424 938 turbant,

376 945 452 1004 etin
468 951 619 1023 tempora,
635 949 817 1018 postquam
835 935 1000 998 ardentia
1013 939 1128 1028 procul
1142 941 1220 1004 vidit
1233 953 1340 1022 castra,
1353 961 1423 1008 mu-

375 1026 473 1102 gistcr
486 1027 629 1107 equitum
644 1059 690 1076 -·-
704 1026 738 1087 id
754 1024 977 1114 convenerat
993 1031 1119 1091 signum
1128 1057 1172 1070 -
1185 1026 1318 1092 hostium
1331 1037 1419 1106 terga

373 1110 504 1176 invadit.
532 1114 584 1173 ita
607 1107 819 1172 circumventi
846 1105 1041 1173 Samnites,
1065 1119 1130 1178 qua
1150 1118 1254 1186 potest
1275 1115 1417 1191 quisque,

337 1240 344 1255 ,
373 1193 479 1267 rugam
491 1213 552 1274 per
564 1193 694 1254 diversa
705 1199 831 1271 petunt.
856 1191 986 1264 ingens
1002 1186 1167 1254 multitudo
1182 1195 1212 1256 in
1227 1215 1319 1262 unum
1330 1205 1414 1262 metu

373 1279 570 1352 conglobata
591 1291 629 1338 ac
656 1285 755 1339 semet
780 1278 900 1354 ipsam
930 1269 1031 1332 turba
1054 1269 1231 1352 impediens
1256 1282 1286 1341 in
1309 1281 1415 1342 medlo

373 1373 478 1424 caesa.
509 1370 621 1428 castra
634 1361 771 1425 hostium
787 1365 896 1436 capta
913 1356 1127 1432 direptaque
1151 1379 1280 1438 quonum
1293 1365 1414 1441 praeda

363 1453 522 1512 ,onustum
534 1446 674 1514 mititem
683 1447 715 1508 in
721 1448 874 1509 Romana
892 1447 1011 1502 castra
1025 1439 1159 1506 dictator
1171 1448 1296 1523 reducit,
1311 1447 1412 1507 haud-

372 1543 534 1604 quaquam
547 1531 752 1592 tamvictoria
762 1532 899 1602 laetum,
917 1539 1020 1600 quam
1033 1529 1121 1600 quod
1133 1537 1256 1605 praeter
1265 1531 1409 1606 exiguam

371 1607 592 1678 delonnatam
612 1613 756 1674 incendio
778 1618 915 1688 partem
946 1613 1055 1668 cetera
1077 1621 1185 1674 contra
1206 1629 1293 1691 spem
1317 1613 1407 1674 salva

368 1697 500 1760 invenit.
1025 1705 1028 1710 ’

378 1783 391 1790 '⁴
452 1777 579 1844 XXIV.
600 1779 768 1840 ausorum
782 1778 862 1838 inde
878 1775 1035 1848 reditum,
1052 1781 1193 1857 novique
1208 1779 1348 1842 consules
1360 1779 1407 1838 M.

364 1853 519 1930 Poetilius
530 1866 569 1926 c.
579 1861 735 1938 Sulpicius
743 1861 931 1921 exercitum
939 1858 982 1919 ab
989 1858 1242 1928 dictatoreFabio
1251 1862 1408 1938 accipiunt

362 1951 479 2013 magna
501 1952 606 2029 parte
627 1951 764 2006 veterum
785 1945 931 2005 militurn
947 1943 1081 2008 dimissa
1094 1951 1253 2026 novisque
1270 1946 1408 2008 cohorti-
1522 1942 1524 1967 ¹

362 2018 421 2080 tus
436 2023 469 2086 in
488 2029 756 2107 supplementum
770 2027 942 2088 adductis.
968 2033 1105 2092 ceterum
1120 2047 1194 2093 cum
1209 2037 1334 2109 propter
1343 2027 1407 2088 dis-

358 2101 476 2172 llcilcm
491 2111 599 2181 urbis
612 2111 703 2183 silum
713 2126 772 2170 nec
788 2109 1009 2186 oppugnandi
1025 2115 1102 2175 satis
1118 2115 1297 2177 cameratio
1311 2111 1407 2172 inire·

356 2191 414 2260 tur,
426 2200 457 2250 at
470 2208 536 2263 aut
545 2194 877 2268 temporelonginqua
891 2200 952 2254 aut
959 2209 1114 2274 praeceps
1123 2195 1407 2276 periculovictoria

353 2278 455 2348 essct,
482 2283 647 2344 soranus
662 2275 826 2350 transfuga
841 2278 932 2336 clam
955 2293 995 2338 ex
1017 2282 1138 2357 oppido
1156 2285 1316 2358 profectus
1331 2292 1407 2338 cum

349 2351 530 2431 cervalles
547 2360 719 2420 Romanos
731 2363 951 2435 penetrasset,
967 2361 1039 2422 duci
1051 2379 1088 2424 se
1100 2369 1265 2444 extemplo
1277 2363 1315 2423 ad
1327 2375 1406 2420 con-

347 2434 435 2496 sules
450 2442 569 2515 iubet,
590 2440 814 2512 deductusque
828 2441 1024 2504 traditurum
1038 2447 1153 2508 urbem
1168 2445 1324 2526 promittit
1353 2443 1407 2503 vi-

342 2531 402 2576 sus
423 2519 525 2600 inde,
559 2539 640 2582 cum
658 2537 796 2594 quonam
811 2523 917 2582 modo
941 2525 974 2584 id
988 2537 1214 2602 praestaturus
1238 2533 1319 2594 esset
1332 2543 1406 2604 per·

340 2607 543 2674 cunctantes
572 2605 725 2676 duceret,
755 2603 845 2662 haud
868 2621 957 2668 vana
979 2611 1104 2673 cdlcrre
1127 2617 1285 2693 perpulit,
1306 2625 1407 2690 propa

335 2679 488 2756 adiuncta
507 2686 702 2754 moenibus
713 2687 864 2748 Romana
881 2699 989 2752 castra
997 2691 1036 2755 'ut
1047 2711 1108 2756 sex
1124 2699 1218 2761 milia
1234 2699 1273 2762 ab
1289 2693 1404 2774 oppido

328 2777 623 2838 removerenture
647 2771 716 2830 lore
733 2777 768 2829 ut
782 2771 897 2830 minus
921 2773 1057 2838 intentae
1072 2779 1107 2839 in
1124 2785 1309 2846 custodiam
1321 2775 1406 2842 tubis

326 2843 462 2912 diurnae
477 2854 673 2920 stationes
689 2865 726 2910 ac
741 2859 931 2915 nocturnae
941 2857 1067 2934 vigiliae
1083 2873 1212 2928 essent.
1242 2869 1313 2946 ipsc
1327 2865 1408 2925 inse·

321 2929 430 2996 quenti
444 2945 565 3006 nocte
586 2934 662 2994 sub
684 2933 807 3010 oppido
826 2935 1034 3004 silvestribus
1049 2945 1136 3007 locis
1161 2951 1349 3014 cohortibus
1362 2946 1409 3007 in·

314 3005 423 3070 sidere
442 3020 573 3085 iussis
596 3018 721 3077 decem
736 3017 862 3080 milites
881 3021 1024 3086 delectos
1047 3041 1164 3090 secum
1182 3048 1249 3109 per
1263 3035 1359 3098 ardua
1373 3045 1409 3092 ac

305 3101 413 3180 prope
432 3101 543 3166 invia
576 3101 621 3159 in
648 3115 756 3160 arcem
777 3101 888 3180 ducit7
913 3109 1053 3184 pluribus
1071 3127 1173 3185 quam
1197 3134 1264 3194 pro
1285 3130 1409 3181 numero

303 3180 444 3244 virorum
458 3181 695 3250 missilibus
709 3183 784 3242 telis
802 3201 848 3246 eo
868 3193 1007 3254 collatis.
1039 3193 1080 3251 ad
1095 3194 1165 3257 hoc
1182 3216 1273 3264 saxa
1284 3209 1370 3266 crant
1382 3199 1412 3262 e't

296 3252 417 3320 temere
438 3265 653 3338 jacentia,
679 3270 710 3322 ut
725 3263 762 3324 fit
777 3267 813 3325 in
832 3277 998 3350 aspretis,
1020 3280 1050 3332 et
1065 3275 1108 3334 de
1122 3279 1303 3349 *industria
1316 3287 1412 3360 etiarn
1524 3287 1526 3310 ²

294 3337 362 3410 quc
376 3339 472 3423 locus
494 3350 765 3422 tutior‘esset,
792 3349 841 3410 ab
871 3355 1046 3434 oppidanis
1068 3371 1246 3434 congesta.
1277 3369 1414 3434 uticum

287 3426 538 3508 constituisset
562 3433 776 3507 Romanos,
802 3441 1224 3518 semitamqueungustam
1241 3461 1277 3515 et
1292 3455 1415 3518 arduam
