2788 4034
249 195 506 263 ttuultxltlll.
537 203 643 265 cAP.
657 210 699 268 lt.
711 215 760 272 15.
784 217 820 286 [a.
833 223 865 276 C.
877 229 945 297 ato]
1109 239 1174 314 335

64 343 172 405 ¹endo
189 345 292 422 plebel
307 357 481 430 senatum,
514 355 586 418 ubi
604 359 705 421 vellnt
719 363 900 436 defeeturos
915 390 964 454 se,
990 401 1057 447 ne
1079 394 1152 462 dep.

66 437 134 485 ere
150 432 424 511 praefestinarent,
445 437 648 502 effecisse.
673 441 839 516 Marcellus
856 459 1073 530 collaudatis
1086 475 1144 542 No-

66 508 141 571 nnis
167 512 281 574 cadem
304 517 525 584 simulatione
554 525 692 589 exuant
712 545 778 595 rem
794 537 823 598 in
840 558 929 604 suum
945 549 1137 621 adventum

63 591 172 668 rsslt,
195 597 315 688 interim
338 603 433 664 celari
460 621 570 684 quae
598 624 711 674 seeum
733 627 934 700 actaessent,
955 647 1132 716 spemque

55 689 189 736 mnem
206 681 309 742 auxilii
323 681 474 754 Romani.
505 689 601 770 lpse
617 711 640 756 a
655 693 787 766 Casilino
801 706 945 774 Caiatiam
959 719 1065 793 petit,
1082 729 1126 784 at-

57 773 116 817 ue
143 759 224 822 inde
238 763 391 831 Vulturna
403 775 515 836 'ammi
533 777 685 842 traiecto
699 801 818 864 perque
833 807 939 870 agrum
954 798 1122 864 satiemu-

49 857 129 901 um
145 843 423 990 Trssbulanumque
439 871 564 936 super
582 861 771 931 Suessulam
786 888 847 950 per
858 885 980 942 montes
996 883 1122 966 Nolam

48 939 216 988 ervom.
270 955 272 962 ·
602 960 607 972 ⁴

138 1007 214 1074 XV.
236 1009 302 1078 Sub
318 1011 504 1087 ‘adventum
531 1033 709 1105 praetoris
727 1036 1006 1108 RomaniPoenus
1030 1061 1117 1122 agro

41 1091 180 1157 'olano
198 1103 343 1178 excessit,
359 1112 392 1164 et
406 1107 449 1170 ad
463 1121 575 1173 mare
589 1119 741 1192 proxime
750 1123 910 1203 Neapolim
922 1128 1117 1202 descendit,

40 1176 195 1254 upidus
219 1183 361 1247 maritimi
385 1191 503 1268 oppidi
532 1199 710 1278 potiundi,
739 1213 800 1282 quo
828 1225 940 1272 cursus
963 1211 1118 1272 navibus

44 1269 136 1322 utus
152 1277 198 1323 ex
206 1265 313 1330 Allien
324 1279 419 1334 esset.
443 1275 609 1342 celerum
621 1288 963 1370 postquamncapoum
975 1309 995 1350 a
1006 1307 1118 1366 prae-

46 1353 132 1406 eeto
146 1345 296 1412 Romano
310 1355 410 1415 teneri
425 1362 570 1436 accepit
581 1392 631 1405 —
642 1365 685 1427 m.
702 1369 810 1433 lunius
820 1371 949 1436 Silanus
965 1382 1052 1448 eraa'
1071 1375 1119 1434 ab

43 1429 129 1488 usis
146 1423 369 1508 Neapolitanis
393 1440 523 1503 accitus
539 1477 610 1520 —-,
627 1447 764 1526 Neapoli
780 1471 908 1532 quoque
918 1456 1007 1514 sicut
1020 1453 1121 1518 Nola

51 1512 175 1574 missa
198 1516 465 1588 petitltnceriam.
509 1541 593 1588 eam
619 1545 697 1592 cum
720 1537 913 1614 aliquamdiu
929 1536 1120 1600 citeunrse·

53 1595 160 1668 isset,
181 1611 282 1674 saepe
296 1601 327 1662 vi
342 1619 443 1682 saepe
454 1611 691 1676 sollicitandis
703 1621 900 1696 nequiquam
910 1633 994 1680 nunc
1004 1621 1120 1694 plebe

57 1693 128 1740 uno
159 1681 376 1761 principibus,
403 1689 488 1752 lame
517 1693 662 1757 demum
690 1700 725 1760 in
747 1702 941 1764 deditionem
967 1705 1120 1782 accepit,
1167 1719 1177 1730 “

60 1769 173 1837 notus,
190 1771 227 1826 ut
241 1763 377 1831 inermes
393 1788 463 1834 eum
481 1778 633 1854 singulis
646 1779 777 1844 abirent
787 1784 994 1846 vestimentis.
1010 1785 1121 1849 dein·

59 1863 93 1920 e,
120 1852 162 1906 ut
179 1847 236 1922 qui
251 1863 270 1907 a
285 1851 442 1930 principio
463 1857 556 1922 mltis
584 1864 745 1925 omnibus
760 1863 883 1928 Italicis
898 1873 1022 1944 praeter
1037 1869 1120 1934 Ro·

58 1945 159 1990 tanos
176 1929 280 1990 videri
296 1935 407 2011 vellet,
427 1943 582 2016 praemia
599 1952 705 2020 atque
721 1947 886 2024 honorae,
908 1949 962 2026 qui
976 1963 1119 2018 reman-

57 2011 143 2074 erlnt
166 2027 206 2072 ae
222 2011 357 2077 militare
381 2027 495 2104 sectam·
513 2027 737 2104 voluissent,
760 2031 946 2108 proposuit.
978 2047 1042 2094 nec
1071 2055 1119 2102 ea

56 2112 95 2172 ae
114 2110 317 2172 quemquam
330 2105 447 2166 tenuit}
469 2107 754 2188 dilapslo'mnes,
773 2127 979 2189 quocumque
989 2113 1118 2197 ltospi·

55 2198 75 2240 a
92 2185 153 2241 aut
169 2179 321 2242 fortuitus
332 2185 428 2248 animi
438 2190 593 2267 impetus
604 2189 690 2267 tulit,
709 2207 774 2268 per
787 2195 981 2270 Campaniae
992 2199 1116 2285 urbes,

55 2259 553 2350 taximeNolamlleapolimqne.
574 2289 657 2335 cum
670 2275 780 2334 lerme
791 2277 925 2352 triginta
935 2289 1115 2353 senatores

54 2365 66 2408 3
84 2349 174 2410 forte
190 2346 318 2424 primus
339 2353 475 2434 quisque
490 2358 654 2434 capuam
668 2358 853 2434 petissent,
881 2363 1001 2424 exclusi
1015 2366 1114 2450 inde,

53 2433 256 2508 nodportas
266 2426 434 2501 Hanniball
449 2443 677 2514 clausissent,
695 2437 818 2500 Cumas
835 2457 878 2501 se
894 2447 1112 2519 contulerunt.

54 2515 190 2576 neeriae
203 2511 328 2591 praeda
338 2519 425 2583 militi
437 2525 513 2586 data
525 2531 596 2600 est,
606 2523 697 2586 urbs
707 2521 839 2598 direpta
847 2529 946 2602 atque
957 2527 1111 2601 incensa.

113 2598 236 2660 Nolam
262 2591 430 2667 Marcellus
458 2625 527 2671 non
562 2606 625 2670 sui
654 2605 771 2680 magis
799 2605 925 2669 fiducia
949 2617 1111 2685 praesidii

53 2699 123 2746 nam
147 2681 316 2746 voluntate
336 2685 515 2770 principum
540 2689 718 2752 habebat.
759 2687 856 2762 plebs
880 2691 1053 2760 timebatur
1079 2715 1111 2768 et

54 2775 98 2831 nte
121 2766 232 2832 omnis
248 2763 284 2824 L.
298 2763 443 2850 Bantius,
469 2791 581 2854 quem
602 2783 806 2832 consensus
821 2775 998 2876 temptatae
1014 2781 1110 2850 dele-

55 2853 141 2914 ionis
158 2867 198 2914 ac
214 2854 319 2910 metus
334 2866 353 2911 a
366 2863 517 2930 praetore
531 2859 710 2918 Romano
727 2865 816 2912 nunc
826 2852 871 2912 ad
884 2857 1111 2934 proditionem

56 2937 167 3012 atriae,
182 2935 288 3008 nune,
310 2933 337 2994 si
351 2939 392 2999 ad
406 2941 438 3003 id
453 2943 603 3004 fortuna
622 2935 811 3003 defuisset,
828 2935 872 2994 ad
886 2943 1111 3022 transmigren-

58 3037 105 3082 um
120 3015 314 3082 stimulabat.
340 3031 406 3086 erat
418 3025 556 3088 iuvenis
579 3033 675 3080 acer
692 3013 909 3112 etsoclornm
925 3036 968 3082 ea
983 3032 1112 3108 tempe.

57 3113 111 3169 ate
125 3117 230 3186 prope
245 3099 459 3172 noblllsslmus
476 3117 614 3184 eques.
650 3109 855 3194 seqllneoem
872 3113 950 3162 eum
968 3111 1013 3172 ud
1028 3111 1112 3180 Can-

54 3199 88 3256 as
111 3191 142 3255 ln
159 3199 280 3253 acervo
300 3199 458 3253 caesorum
476 3195 693 3266 corporum
708 3181 872 3238 luvellum
889 3199 1115 3282 curatumque

51 3279 103 3344 eni
126 3293 166 3342 ne
187 3271 288 3338 etiam
304 3283 368 3330 cum
384 3273 474 3336 donis
488 3261 692 3335 Hannibal
709 3262 839 3360 domurn
853 3278 1047 3339 retruserat.
1073 3287 1116 3346 ob

51 3297 125 3434 usg
152 3361 248 3427 adam
265 3349 363 3414 men'ti
377 3367 441 3417 rem
451 3355 647 3418 Nolanam
662 3347 704 3405 in
721 3357 771 3402 ms
783 3341 1026 3438 didonemque
1037 3361 1118 3429 dare

42 3383 318 3520 eluegrraqpoqm,
338 3437 540 3518 anxiumque
568 3445 669 3494 eum
695 3431 731 3485 el
752 3419 928 3490 sollicitum
957 3451 1116 3511 corano.

193 3563 216 3603 7
