3556 4324
276 3443 278 3447 .
386 3387 488 3466 recipi
504 3416 574 3494 tuto

497 224 563 312 tt
675 253 872 320 LIBERVII.
899 249 1000 315 cap.
1015 251 1133 312 aem.
1158 241 1206 321 [a.
1227 241 1277 298 υ.
1298 217 1400 300 σω)

497 403 612 466 tionem
633 405 818 470 iniciendam
838 412 949 478 ratus,
986 399 1131 478 ostendo
1149 397 1188 458 Vi
1216 389 1328 471 pelli
1349 388 1396 480 ¹3⁰¹¹
1412 347 1524 511 iffi?

499 487 654 566 equitibus
675 492 822 556 immissis
837 489 977 552 turbare
994 485 1110 563 prima
1126 483 1243 558 signa
1263 473 1410 570 hoium,
1443 537 1522 594 0¹⁰·

500 587 580 649 quos
601 573 654 636 ubi
675 575 866 652 nequiquam
887 571 1141 634 tumultuantes
1158 568 1197 628 in
1216 566 1351 640 spat¹⁰
1369 551 1441 638 ΜΡ
1491 622 1529 671 τε,

498 671 574 719 vere
588 664 704 720 turmas
726 660 818 736 vidit,
841 673 905 718 nec
920 671 1036 734 posse
1052 653 1194 732 aperire
1210 650 1254 710 in
1273 643 1389 744 nostes
1401 634 1518 758 vitarit1¹0

497 746 607 804 vectus
619 744 660 804 ad
671 743 898 819 antesignanos
911 741 1092 818 legionum
1106 752 1188 800 cum
1202 722 1402 796 desiluisset
1411 723 1444 772 ex
1454 717 1528 848 efur-
1593 793 1594 802 χ

499 833 678 903 „nostum
693 828 791 904 inquit
804 827 975 904 „peditum
992 823 1090 900 illud,
1107 821 1255 894 milites,
1276 817 1336 877 θεῖ
1349 813 1434 884 ⁰P¹¹⁵²
1452 803 1495 868 ω

499 911 586 987 dorm,
608 919 641 974 ut
654 929 705 974 me
718 913 869 988 videritis,
894 923 1118 988 quacumque
1135 907 1333 968 incessero
1346 894 1374 954 in
1387 883 1472 951 aciem
1484 873 1528 934 ho·

498 995 604 1070 sium,
625 998 706 1058 ferro
721 997 804 1058 viam
819 995 1012 1069 facientem,
1040 994 1094 1056 sic
1118 1007 1186 1069 pro
1212 1004 1260 1052 se
1289 983 1417 1063 quisquo
1435 963 1530 1084 ‘'hims-

498 1080 639 1142 eternitas
661 1082 714 1142 illa
729 1079 842 1156 omnia,
868 1095 935 1155 qua
951 1093 1044 1138 nunc
1062 1082 1206 1138 erectae
1223 1071 1356 1134 micant
1368 1061 1473 1128 lasus
1484 1059 1520 1124 l)a

498 1163 612 1226 telacta
636 1171 741 1240 strage
755 1169 847 1223 vasta
867 1161 1051 1222 ce1·netis“.
1092 1159 1184 1220 haec
1201 1157 1309 1217 dicta
1322 1141 1531 1242 dederat,·f¹¹¹¹¹
1593 1169 1594 1174 ¹

497 1247 619 1322 equites
641 1247 781 1310 consulis
803 1246 895 1306 iussu
912 1245 1115 1306 discurrunt
1131 1242 1166 1300 in
1185 1253 1340 1314 cornua,
1362 1221 1533 1319 legionfltut·

497 1345 557 1404 que
579 1332 610 1391 in
631 1331 766 1392 mediam
786 1330 886 1388 aciem
913 1327 1075 1404 aperiunt
1103 1325 1210 1386 viam.
1265 1322 1388 1401 primus
1410 1317 1531 1376 omarum

495 1417 604 1476 consul
619 1415 740 1476 invadit
752 1413 884 1487 hostem,
909 1418 1037 1472 etcum
1059 1427 1133 1485 quo
1152 1411 1244 1470 forte
1263 1403 1395 1470 contidit
1407 1395 1533 1478 madum,

494 1495 666 1564 obtruncat.
703 1500 764 1558 hoc
779 1497 965 1572 spectaculo
989 1495 1140 1556 accensi
1158 1495 1288 1555 dextra
1303 1482 1532 1580 laevaqusonle

492 1595 528 1640 se
544 1587 680 1662 quisque
695 1581 931 1642 memorandum
946 1579 1128 1656 proelium
1144 1578 1221 1640 ciet.
1266 1581 1354 1640 stant
1368 1569 1471 1637 obnixi
1484 1563 1535 1628 Sa·

489 1667 610 1747 mnites,
628 1679 819 1744 quamquam
829 1664 920 1738 plura
934 1662 1120 1738 accipiunt
1132 1678 1237 1738 quam
1254 1663 1394 1724 inferunt
1405 1655 1534 1752 vulnera·

488 1747 682 1826 aliquamdiu
708 1748 769 1808 iam
783 1751 954 1823 pugnatum
970 1753 1061 1822 erat,
1089 1751 1192 1808 atrox
1206 1747 1333 1810 caedes
1355 1743 1440 1806 circa
1451 1747 1537 1816 signo

486 1827 680 1911 Samnitium,
699 1832 775 1906 fuga
788 1829 827 1890 ab
842 1829 1009 1891 nulladum
1026 1837 1136 1908 parte
1154 1837 1242 1892 erat=
1259 1831 1345 1894 odeo
1358 1833 1458 1892 morte
1472 1823 1539 1886 sola

483 1913 566 1978 vinci
582 1918 821 1982 destinaverant
835 1913 957 1973 animis.
989 1913 1119 1989 itaque
1136 1915 1292 1992 Romani,
1309 1929 1382 1977 cum
1396 1917 1429 1975 et
1442 1908 1537 1972 fluere

481 1994 542 2058 iam
557 1999 753 2066 lassitudine
765 1997 847 2057 vires
859 1997 1017 2057 sentirent
1035 2003 1076 2058 et
1089 1998 1161 2058 diei
1178 2000 1270 2061 haud
1281 2000 1418 2062 multum
1432 2010 1543 2072 super·

480 2093 562 2162 esse,
578 2083 717 2152 accensi
732 2081 777 2140 ira
791 2081 947 2141 concitant
962 2095 1003 2140 se
1019 2081 1060 2140 in
1078 2081 1228 2144 hostem.
1252 2089 1321 2144 tum
1335 2083 1477 2160 primum
1490 2093 1540 2138 re·

476 2162 549 2226 ferri
570 2174 696 2246 podem
722 2170 815 2239 atque
835 2163 978 2224 iacilnari
993 2177 1074 2223 rem
1091 2165 1128 2224 in
1146 2167 1259 2242 fugam
1281 2167 1460 2244 apparuit3
1482 2172 1552 2228 tum

475 2251 559 2325 capi,
584 2254 698 2319 occidi
717 2246 855 2319 Samnis;
878 2262 937 2306 nec
953 2248 1214 2322 superfuissent
1228 2251 1340 2325 multi,
1366 2253 1402 2314 ni
1419 2267 1488 2314 nox
1504 2250 1551 2310 vi·

469 2331 598 2395 utorium
613 2331 734 2411 magis
750 2344 841 2404 quam
858 2329 1020 2404 proelium
1046 2331 1254 2395 diremisset.
1287 2340 1323 2396 et
1337 2335 1489 2400 Romani
1502 2335 1552 2397 la·

465 2408 609 2480 tebantur
621 2427 813 2488 numquam
828 2425 898 2472 oum
913 2413 1145 2486 pertinaciore
1162 2417 1259 2480 hoste
1275 2420 1500 2496 conflictum,
1527 2427 1561 2482 et

461 2487 635 2588 Samnites,
665 2511 754 2566 cum
777 2499 994 2569 quaereretur,
1020 2513 1193 2572 quaenam
1215 2502 1330 2577 prima
1353 2520 1466 2570 causa
1488 2511 1560 2566 tam

458 2571 635 2658 obstinatos
654 2577 831 2652 movisset
844 2575 875 2634 in
890 2576 1008 2651 fugam,
1026 2581 1152 2641 oculos
1167 2583 1230 2643 sibi
1241 2585 1566 2654 Romanorumar·

451 2651 526 2719 dere
539 2667 629 2742 visos
649 2663 804 2738 aiebant
813 2673 1019 2734 vesanosque
1033 2664 1149 2725 vultus
1163 2671 1195 2726 et
1207 2667 1359 2734 furentia·
1377 2689 1461 2736 oras
1478 2675 1566 2738 inde

438 2725 517 2797 plus
532 2753 630 2820 quam
658 2756 719 2810 ex
740 2735 806 2796 alia
823 2733 887 2794 ulla
900 2749 938 2794 re
954 2737 1095 2796 terroris
1111 2747 1233 2800 ortum:
1255 2761 1370 2818 quem
1393 2757 1576 2813 terrorem

435 2818 500 2870 non
511 2831 651 2903 pugnae
662 2817 1397 2898 solumeventusednocturnaprofectione
1407 2836 1575 2896 confessi

428 2900 511 2952 sunt.
533 2920 698 2990 postero
718 2903 784 2967 die
796 2897 908 2959 vacuis
923 2898 1067 2960 hostium
1083 2906 1201 2966 castris
1212 2909 1408 2978 Romanus
1426 2918 1580 2997 potitur,

422 2983 488 3040 quo
501 2995 538 3046 so
550 3007 679 3074 omnis
694 2993 954 3059 campanorum
966 2982 1141 3047 multitudo
1150 2993 1418 3064 gratulabunda
1432 3004 1578 3065 effudit.

412 3135 421 3148 .
653 3134 666 3150 ‚
715 3075 879 3138 Ceterum
901 3066 967 3128 hoc
988 3067 1149 3142 gaudium
1167 3087 1290 3148 magna
1309 3096 1444 3160 prope
1461 3086 1594 3150 clade,

407 3151 441 3194 ¹¹¹
458 3139 590 3238 §ammo
605 3163 831 3246 foedatum
846 3155 909 3212 cst.
946 3166 1019 3212 nam
1036 3151 1080 3210 ab
1098 3151 1238 3218 Saticula
1252 3165 1463 3234 profectus
1482 3171 1574 3232 Cor-

400 3219 506 3312 trelius
523 3260 666 3334 ⁰0nsul
692 3236 902 3311 exercitum
919 3234 1047 3294 incaute
1062 3234 1226 3298 insultum
1242 3257 1344 3307 cava
1361 3251 1471 3314 valle
1489 3272 1576 3332 per·

394 3313 478 3368 vrum
495 3326 582 3414 0¹‘lcq
656 3357 687 3403 θ
712 3332 907 3392 insessum
923 3317 966 3376 ab
978 3317 1074 3377 hoste
1090 3317 1220 3393 induxit,
1236 3339 1310 3385 nec
1324 3333 1441 3404 prius
1459 3355 1576 3412 quam

408 3463 415 3478 ι
587 3374 755 3508 qigrla
776 3419 844 3465 non
859 3405 1025 3476 poterant,
1042 3399 1256 3462 imminentem
1277 3413 1403 3486 cupiti
1419 3417 1579 3484 hostem

384 3468 470 3536 sidit
504 3459 659 3590 dumffd
686 3499 844 3570 morae
856 3481 1058 3544 Samnitibus
1074 3488 1138 3558 est,
1162 3486 1267 3557 quoad
1287 3496 1418 3558 totum
1435 3501 1477 3562 in
1496 3508 1578 3566 val-
