3278 4206
243 180 278 248 aa
378 176 563 245 nunnus
587 145 880 236 canaesc-
910 151 968 234 l·-
984 165 1117 240 11.th

243 333 301 392 iem
317 328 445 406 diiiidit,
467 333 553 410 quod
567 319 710 394 Faucia
725 303 818 406 cutia
833 292 900 362 fust
920 317 1120 407 principium,
1141 313 1275 376 duabus

243 415 354 489 teignis
375 413 530 494 cladibus,
552 415 687 490 captae
710 393 804 462 urias
826 385 856 446 el
873 383 1048 468 Caudinae
1058 410 1154 474 paors,
1177 395 1275 472 quod

243 503 360 574 ttroquo
380 514 460 562 anno
482 499 636 564 eiusdem
662 481 781 550 curiae
795 473 907 538 iuerat
924 483 1113 560 principium.
1152 475 1273 540 Macer

243 576 365 642 'sicinius
385 584 474 646 tertia
494 587 588 648 etiam
613 571 740 642 clade,
762 571 844 642 quae
863 563 916 625 ad
940 568 1105 630 Cremeram
1127 571 1272 640 accepta

243 667 292 734 st,
322 663 560 732 abominandam
583 676 669 726 eam
697 649 821 714 curiam
841 643 932 712 iacit.
969 643 1095 714 XXXIX.
1119 643 1272 710 Dictator
1393 724 1394 730 ἵ

243 750 359 808 tostero
385 749 437 812 die
461 750 619 834 auspiciis
652 734 809 818 repetitis
835 737 967 808 pertulit
990 739 1102 812 legemr
1133 735 1165 794 et
1184 748 1268 808 pro·

243 831 329 890 ectus
354 845 425 896 curn
445 837 628 914 legionibus
655 825 706 888 ad
729 830 882 884 terrorem
898 819 1030 884 uaduoti
1044 817 1153 880 silvam
1168 815 1267 878 Cimi-

243 905 309 968 liam
324 921 486 983 exercitus
500 936 606 998 nuper
624 908 771 985 scriptis
786 904 828 966 ad
840 903 1014 982 Longulam
1029 901 1184 980 pervenit,
1207 916 1267 961 ae-

244 991 393 1070 aptisque
417 1019 439 1064 a
452 1005 570 1070 Marcio
592 995 747 1064 consule
769 988 926 1052 veteribus
948 989 1091 1050 militibus
1110 985 1141 1048 in
1158 985 1268 1082 aciem

243 1073 336 1146 ΟΡῙ88
364 1081 489 1152 eduxit.
522 1105 586 1152 nee
607 1086 735 1146 hostes
765 1075 937 1136 detractare
960 1073 1020 1136 visi
1045 1085 1189 1150 pugnam
1211 1083 1267 1130 rn-

243 1158 359 1219 tructos
381 1165 504 1235 deinde
525 1175 754 1242 armatosque
771 1173 841 1220 cum
857 1157 896 1218 ab
911 1158 1028 1220 neutris
1043 1154 1195 1234 proelium
1209 1153 1263 1212 in·

243 1239 353 1318 peret,
372 1261 448 1315 nox
464 1255 646 1336 oppressit.
673 1243 781 1325 quieti
794 1239 999 1317 aliquamdiu,
1020 1257 1080 1304 nec
1095 1238 1160 1300 suis
1176 1235 1265 1297 diffi-

243 1327 329 1383 entes
341 1327 475 1404 viribus
483 1358 544 1404 nce
557 1341 697 1403 hostem
705 1331 907 1408 spernentes,
916 1325 1068 1388 stativain
1080 1321 1265 1402 propinquo

243 1405 363 1468 tbuere.
378 1443 439 1464 *-
463 1427 595 1488 interea
619 1427 691 1495 [res
715 1416 752 1476 in
773 1410 894 1472 Etruria
912 1411 1033 1490 gastae]
1061 1410 1167 1472 iamet
1187 1418 1267 1464 cum

243 1489 412 1558 tnbrorutn
449 1509 599 1572 exercitu
627 1502 704 1564 acie
733 1497 945 1571 depugnatum
969 1500 1037 1564 ests
1072 1491 1132 1556 iusi
1156 1493 1265 1550 umen

243 1572 311 1648 egis
327 1591 439 1650 quam
455 1593 543 1654 oaesi
561 1591 703 1658 nostes,
725 1579 803 1656 quia
817 1584 961 1652 coeptam
976 1577 1093 1638 acriter
1106 1588 1167 1636 non
1183 1570 1265 1632 tole·

243 1662 318 1716 runt
337 1673 511 1746 pugnam,
537 1680 574 1734 et
590 1671 638 1732 ad
653 1660 849 1728 Vadimonis
870 1662 973 1722 lacum
988 1659 1115 1724 Etrusci
1129 1659 1196 1730 lege
1210 1668 1267 1748 sa·

243 1743 297 1797 ata
318 1755 447 1818 coacto
470 1757 643 1827 exercitu,
673 1763 754 1810 eum
775 1745 822 1806 vir
843 1743 943 1804 virum
964 1744 1114 1820 legisset,
1140 1743 1268 1814 quantis

243 1834 382 1896 mquam
405 1840 489 1900 alias
506 1846 591 1900 ante
604 1834 710 1898 simul
723 1827 826 1906 copiis
838 1825 930 1890 simul
941 1827 1060 1890 animus
1073 1823 1270 1888 fflmcmunt

243 1905 359 1978 ¹t⁰q1¹0
389 1913 518 1982 irarum
549 1917 744 1982 certamine
765 1918 856 1988 gesta
874 1925 927 1972 res
950 1917 1019 1985 cst,
1045 1917 1080 1973 ut
1100 1909 1138 1970 ab
1158 1908 1272 1966 neutra

243 1987 293 2039 Γίθ
311 1990 453 2080 ‘emissa
465 2005 533 2066 sint
550 2004 636 2062 tela.
661 1997 784 2076 gladiis
799 2009 905 2074 pugna
919 1994 1049 2070 coepit,
1072 2001 1104 2054 et
1118 1987 1272 2082 acerrime

243 2075 386 2134 mmlssa
413 2082 488 2160 ipso
512 2083 731 2156 certamine,
755 2079 841 2158 quod
854 2077 1057 2152 aliquamdiu
1070 2071 1273 2150 ancensium,

243 2155 339 2210 tensa
355 2170 434 2240 cst,
451 2176 578 2230 utnon
597 2181 683 2228 cum
697 2163 843 2226 Etruscis
857 2161 976 2226 totiens
993 2161 1107 2236 victis,
1127 2156 1183 2223 sed
1198 2167 1275 2217 cunt

243 2240 303 2294 tua
327 2249 428 2306 nova
442 2258 546 2324 gente
564 2248 749 2308 videretur
764 2243 920 2306 dimicatio
936 2257 1030 2304 esse.
1065 2243 1139 2304 nihil
1153 2239 1191 2300 ab
1207 2238 1272 2299 ulla

243 2309 280 2364 ¹⁶
298 2326 465 2390 movetur
480 2332 614 2410 fugae,
637 2329 767 2389 cadunt
782 2326 998 2401 antesignani,
1017 2334 1050 2390 et
1064 2342 1105 2388 ne
1119 2322 1276 2384 nudentur

243 2402 507 2484 &latratoribus
540 2411 658 2486 signa
689 2410 728 2471 fit
748 2427 789 2472 ex
814 2409 956 2474 secunda
978 2411 1086 2484 prima
1106 2407 1197 2470 acies.
1231 2403 1276 2464 ab

243 2480 303 2532 nis
337 2483 469 2552 deinde
492 2492 685 2552 subsidiis
710 2493 811 2556 cietur
829 2494 935 2560 miles;
971 2493 1123 2570 adeoque
1143 2489 1182 2550 ad
1203 2487 1277 2550 ulti-

243 2562 256 2605 ²
283 2555 433 2648 ‚laboris
455 2589 497 2632 ac
521 2573 692 2647 periculi
715 2583 844 2638 ventum
858 2582 921 2648 est,
943 2580 983 2635 ut
999 2579 1125 2652 equites
1139 2571 1278 2636 Romani

243 2645 315 2696 :srs
345 2651 451 2724 equis
466 2655 513 2714 ad
541 2655 697 2730 primos
715 2659 845 2724 ordines
860 2657 1004 2738 peditum
1019 2675 1081 2734 per
1096 2672 1194 2732 mma,
1216 2669 1279 2732 per

243 2728 325 2810 Or?
346 2735 537 2807 evaserint,
563 2753 616 2796 ea
633 2743 738 2802 velut
752 2759 838 2806 nova
851 2746 930 2806 inter
942 2741 1055 2804 iessos
1068 2747 1178 2804 exorta
1188 2737 1279 2802 acies

243 2806 324 2858 Νη
338 2807 718 2883 sisnassuuseorum.
737 2834 850 2890 secuta
860 2823 975 2887 deinde
988 2823 1144 2902 impetum
1155 2839 1278 2898 eorum,

243 2886 370 2971 nque
388 2893 525 2954 adiecta
542 2907 645 2976 erat,
676 2913 795 2972 cetera
810 2905 971 2976 mutitudo
988 2911 1121 2972 tandem
1137 2922 1280 2986 perrum-

253 2955 385 3057 duacs
399 2971 564 3066 bostium.
597 2989 698 3049 tunc
712 2991 804 3058 vinci
814 2989 985 3074 pertinacia
996 3001 1126 3068 coepta,
1138 3000 1171 3056 et
1181 2991 1282 3056 averti

243 3043 340 3177 {gli
361 3055 518 3131 quidam,
539 3069 582 3123 et
597 3075 648 3130 ut
667 3081 785 3140 semel
800 3083 917 3144 dedere
931 3079 1038 3146 tersa,
1055 3077 1151 3136 etiam
1168 3077 1282 3140 00lfi0·

243 3155 265 3252 ἰ
306 3137 458 3195 pessare
485 3140 641 3216 lugam.
685 3155 748 3218 ifle
773 3167 909 3240 primum
934 3155 1001 3216 dies
1025 3157 1156 3221 lorwua
1175 3169 1286 3226 vetere

243 3213 392 3339 igme-⁸
406 3215 666 3294 Etruscorum
687 3239 797 3320 fregit
813 3266 903 3328 opes,
924 3251 1054 3301 caesum
1068 3241 1102 3300 in
1113 3243 1186 3306 acie
1199 3247 1286 3326 quod
1391 3307 1393 3328 ,

243 3288 391 3432 1,ng
392 3337 410 3434 ἑ
411 3309 558 3436 rcastra
580 3326 636 3374 eo
657 3317 804 3398 impetu
820 3341 911 3414 eapte
925 3323 1126 3398 direptaque.

428 3379 439 3438 i
463 3384 645 3458 subinde
678 3411 846 3486 periculo
868 3407 1047 3498 gloriaeque
1074 3419 1200 3476 eventu
1224 3416 1288 3482 bel·
