3208 4072
408 233 474 300 2⁰4
547 237 714 298 ΕΡΙΤΟΜΕ
735 233 941 298 LIBRCRUM
954 233 1064 295 XVII.
1080 231 1204 338 xum
1220 229 1301 293 XIX.
1407 271 1408 300 l

700 433 866 496 nriroun
891 433 1001 496 uam
1016 431 1125 496 xvu.
1227 399 1231 407 ’

479 551 524 604 Cn.
544 549 674 603 Cornelius
689 549 777 602 consul
794 565 810 601 a
823 550 904 602 classe
913 536 1018 602 Punica
1039 550 1248 600 circumventus
1266 555 1291 596 ct
1303 561 1348 612 per
1360 545 1401 594 lmu-

332 622 335 626 ’
411 621 470 674 dem
482 621 560 674 ueluti
576 621 603 670 ln
619 619 771 684 colloquium
785 627 905 671 evocatus
921 627 1020 684 eaptus
1038 625 1093 668 est.
1121 617 1153 668 C.
1164 615 1273 666 Duilius
1291 613 1401 665 consulab-

410 704 502 740 vereus
527 690 633 739 classem
649 689 792 739 Poenorum
811 701 933 752 prospere
951 687 1112 753 pugnavit,
1141 687 1303 752 primusque
1320 683 1401 733 omnim

410 757 584 808 Romanorum
598 757 690 807 ducum
705 757 801 808 navalis
810 757 931 806 statorias
941 756 1021 806 duxit
1032 753 1221 820 triumphum,
1241 751 1276 803 ob
1287 766 1358 816 quam
1365 764 1402 798 cau·

387 873 389 876 .
412 841 468 876 sam
484 828 507 875 ei
524 833 662 891 perpetuus
679 825 761 876 honos
778 825 880 874 habitus
898 833 946 884 cst,
970 832 1002 873 ut
1021 821 1180 873 revertenti
1195 835 1213 871 a
1233 833 1299 872 cena
1316 818 1402 869 tibicina

411 903 529 944 canerent
545 900 571 943 et
586 893 671 944 funale
688 892 865 959 praeferretur.
891 893 921 944 L.
943 889 1089 942 &melius
1107 889 1208 942 consul
1226 890 1255 940 in
1270 887 1377 938 Sardima
1388 892 1401 932 el

411 961 513 1013 Corsica
530 967 618 1012 contra
632 959 726 1010 Sardos
742 967 767 1010 et
782 959 873 1010 Corsos
891 968 915 1009 et
929 959 1092 1010 Hannonem
1108 961 1267 1010 Poenorum
1285 957 1368 1006 ducem
1379 951 1401 1000 lc

408 1030 491 1081 liciter
507 1031 638 1094 pugnauit.
664 1029 756 1078 Atilius
773 1026 900 1078 Calatinus
918 1027 1007 1077 consul
1029 1042 1097 1078 cum
1117 1027 1148 1076 ln
1167 1026 1261 1076 locum
1279 1025 1381 1086 Iniquum
1389 1032 1401 1096 ¹t

410 1097 503 1148 Poenis
521 1099 715 1147 circumsessum
729 1104 825 1146 temere
843 1097 980 1148 exercitum
997 1096 1148 1156 duxisset,
1173 1093 1210 1144 Μ.
1234 1091 1360 1158 Calpurnii
1372 1095 1400 1135 tn·

410 1167 473 1216 bani
493 1165 602 1214 militum
623 1164 715 1213 virtius
732 1172 756 1214 et
773 1178 851 1228 opera
871 1164 968 1224 evasit,
989 1167 1037 1226 qui
1066 1179 1134 1214 cum
1153 1163 1283 1212 trecentis
1304 1156 1399 1208 militibus

408 1233 546 1298 eruptione
569 1231 636 1282 lacta
652 1230 740 1282 hostes
756 1232 783 1281 in
800 1246 829 1282 se
846 1238 1013 1282 converterat.
1043 1230 1186 1282 Hannibal
1208 1231 1265 1300 dur
1283 1229 1399 1278 Paencmn

409 1303 478 1353 ricta
502 1301 598 1360 classe,
621 1300 663 1350 cui
683 1298 841 1365 praefuerat,
865 1299 1020 1352 amilitibus
1040 1302 1104 1350 suis
1126 1303 1156 1350 in
1178 1313 1287 1350 crucem
1308 1291 1397 1371 sublatus

409 1377 459 1421 ast.
483 1368 576 1420 Atilius
585 1368 699 1436 Regulus
716 1368 894 1420 consuluistis
911 1367 997 1420 navali
1012 1369 1123 1436 proelio
1144 1365 1246 1418 Poenis
1265 1367 1293 1416 in
1308 1360 1397 1412 hinem

410 1439 519 1490 malecit.

699 1584 865 1646 arlucum
886 1584 986 1648 LIBRI
999 1583 1127 1647 xvim·

410 1749 414 1757 .
480 1705 573 1758 Atilius
589 1704 703 1772 Regulus
720 1705 746 1754 iu
761 1703 849 1755 Africa
870 1711 1014 1770 serpentem
1035 1709 1243 1768 portentuosae·
1264 1686 1393 1776 magnitudi-

413 1775 454 1824 nis
471 1789 530 1830 mm
546 1789 639 1840 mma
656 1773 765 1823 militum
782 1773 855 1823 clade
870 1774 972 1833 occidit,
989 1779 1014 1822 et
1031 1785 1092 1820 cam
1112 1771 1221 1833 aliquot
1233 1763 1337 1832 proclus
1347 1759 1393 1806 benc

353 1897 356 1902 ,
410 1842 534 1894 adversus
553 1841 774 1906 Carthaginienses
787 1849 943 1908 pugnasset,
962 1853 1154 1902 successorque
1171 1839 1199 1889 ei
1217 1849 1235 1886 a
1251 1837 1338 1884 senatu
1350 1837 1392 1890 prt-

411 1922 485 1973 spere
502 1909 596 1959 bellum
614 1909 712 1974 gerenti
727 1923 777 1960 nou
793 1911 942 1969 mitteretur,
961 1910 988 1958 id
1006 1909 1091 1973 ipsum
1104 1923 1159 1974 per
1171 1906 1277 1956 litteras
1289 1899 1322 1950 ad
1334 1903 1390 1968 ΝΜ]

410 1983 465 2026 tuna
482 1978 575 2028 missae
593 1983 698 2040 questus
716 1985 763 2038 est,
780 1979 914 2042 inquibus
932 1977 1105 2027 inter-causas
1125 1973 1240 2041 petendi
1257 1969 1390 2044 sucw⁸ff⁰fl⁵

411 2051 465 2095 erat
479 2047 549 2109 quod
563 2045 661 2110 agellus
670 2045 726 2095 eius
735 2059 751 2096 a
761 2047 922 2097 mercenariIs
936 2046 1050 2096 desertus
1059 2052 1141 2094 esset.
1164 2044 1309 2106 quaerente
1317 2025 1390 2082 demde

411 2112 528 2174 fortuna,
552 2122 580 2164 ut
597 2127 717 2180 magnum
733 2115 866 2178 utriusque
883 2127 958 2165 casus
979 2112 1126 2178 exemplum
1146 2112 1176 2163 in
1195 2105 1299 2174 Regum
1314 2095 1387 2180 lffffldi'

411 2189 497 2244 retur,
522 2183 642 2232 arcessito
660 2197 676 2231 a
694 2181 945 2248 Carthaginiensibus
964 2180 1113 2246 Xanthippo
1137 2173 1387 2238 Lacedaemoniorum

412 2249 477 2300 duce
500 2251 581 2300 rietus
603 2249 700 2314 proelio
719 2260 743 2300 et
760 2260 849 2316 captus
866 2260 913 2301 est.
946 2265 986 2300 res
1005 2250 1096 2300 deinde
1115 2265 1131 2300 a
1151 2247 1267 2300 ducibus
1286 2237 1388 2320 Rpfflffli

412 2317 529 2368 omnibns
542 2325 609 2368 terra
618 2318 733 2380 marique
741 2333 862 2384 prospere
871 2326 958 2385 gestas
969 2319 1180 2370 deformaverunt
1190 2311 1327 2374 naufragia
1336 2299 1386 2350 clai¹

411 2384 487 2434 sium.
514 2384 551 2435 Ti.
572 2383 742 2436 Coruncanius
763 2389 860 2452 primus
880 2403 911 2438 ex
926 2385 1001 2452 plebe
1018 2385 1134 2452 pontifex
1153 2380 1289 2435 maximus
1304 2374 1386 2424 ambus

323 2516 325 2521 ,
411 2459 458 2504 est.
482 2451 509 2503 P.
526 2451 689 2519 Sempronius
704 2451 805 2520 Sophus
821 2455 862 2504 Μ’.
877 2455 994 2505 Valerius
1005 2453 1130 2504 Maximus
1151 2462 1277 2504 censores
1292 2453 1345 2496 cnm
1355 2447 1386 2482 ’θ’

410 2527 498 2570 natum
518 2521 645 2588 legerent,
667 2522 789 2572 tredecim
811 2529 900 2573 senatu
917 2529 1063 2584 moverunt3
1087 2521 1202 2571 lustrum
1221 2504 1382 2590 consulemini»

411 2587 462 2650 quo
481 2603 559 2638 censa
576 2595 635 2639 sumt
652 2589 744 2639 civium
763 2591 847 2656 capita
863 2591 971 2658 ducenta
988 2591 1127 2655 nonaginta
1143 2595 1248 2654 septem
1265 2577 1332 2634 milit
1347 2569 1384 2620 (ω’

315 2682 331 2702 .,
411 2662 485 2705 centa
507 2659 647 2724 nonaginta
668 2665 775 2722 septem.
811 2659 924 2724 Regulus
947 2658 1042 2708 anesus
1058 2672 1074 2706 a
1091 2647 1343 2722 Carthaginiensibus
1358 2632 1383 2684 td

411 2731 537 2786 senatum,
553 2733 582 2776 ut
600 2727 632 2777 de
647 2740 720 2792 pace,
739 2733 764 2778 et
781 2726 804 2777 si
822 2741 877 2778 eam
895 2739 945 2776 aon
962 2733 1051 2792 posset
1067 2726 1215 2791 impetrare,
1235 2722 1268 2771 de
1285 2716 1381 2766 wmmu·

410 2793 495 2843 tanus
510 2795 626 2860 captiva
637 2801 733 2860 ageret,
753 2801 777 2844 a
792 2795 846 2843 rure
862 2793 969 2843 umento
986 2795 1121 2844 eustacius
1134 2793 1279 2843 recurram
1293 2795 1320 2833 se
1333 2773 1381 2846 ⁰³³:

410 2860 550 2924 tharbuam,
567 2863 590 2911 si
608 2862 758 2911 commutari
775 2861 888 2926 captivos
904 2875 954 2910 non
970 2861 1117 2926 placuisset,
1133 2867 1271 2922 utrumqne
1284 2837 1381 2922 negantii

410 2935 500 2977 auctor
515 2929 616 2978 senatui
631 2929 695 2987 luit,
712 2935 737 2978 at
753 2941 810 2978 oum
825 2927 875 2979 tide
891 2929 1017 2980 custodita
1033 2944 1149 2981 reversus
1168 2935 1252 2987 esset,
1268 2912 1378 2983 ,applico

411 3009 427 3045 a
443 2993 692 3062 Carthaginiensibus
711 2995 743 3046 de
759 3009 790 3064 oo
808 3005 910 3063 sumpto
927 2998 1013 3063 periit.

658 3185 660 3190 .
712 3143 879 3210 arlucum
899 3143 1000 3208 LIBRI
1012 3143 1090 3208 xlx.

480 3259 603 3312 Caeciliae
619 3262 734 3314 Metellus
753 3264 828 3315 rebus
845 3264 967 3313 adversus
981 3263 1080 3312 Poenos
1097 3277 1219 3329 prospere
1236 3253 1319 3329 gestit,
1328 3254 1378 3324 ⁸1¹⁶·

410 3329 507 3380 ciosum
521 3331 575 3396 egit
591 3331 746 3396 triumphum
763 3332 885 3382 tredeclm
900 3331 1007 3380 ducibus
1022 3329 1134 3381 hostium
1147 3339 1172 3381 et
1184 3337 1282 3381 centum
1296 3305 1373 3394 &¹¹3⁰

413 3397 556 3463 elephantis
574 3399 600 3449 in
618 3415 649 3450 eo
667 3401 760 3452 ductis.
790 3399 910 3450 Claudius
925 3397 1033 3448 Pulcher
1050 3399 1153 3459 consul,
1170 3405 1256 3452 contra
1272 3387 1374 3450 ausr¹⁰¹⁸

409 3465 554 3531 proiectus,
576 3469 650 3520 iussit
664 3470 748 3536 mergi
764 3467 863 3534 pullos,
882 3468 926 3530 qui
943 3467 1020 3519 cibml
1033 3465 1165 3518 'nolebant
1192 3461 1322 3516 infeliciter
1335 3445 1374 3499 ⁸⁶·
