3556 4324
389 136 464 216 64
500 138 623 203 LIBER
638 142 722 202 vill.
745 139 831 202 CAP-
849 149 900 206 le.
920 149 974 206 14.
1001 149 1042 220 [e.
1056 148 1094 204 U.
1108 166 1140 208 o.
1156 145 1257 206 41⁵1.
1286 156 1333 196 ι.
1351 151 1401 219 0.
1416 179 1496 284 Q]

402 304 485 378 que
505 289 550 352 ita
571 293 737 356 disseruit:
759 299 899 370 „patros
925 297 1134 376 conscripti,
1165 291 1309 374 quod
1332 291 1451 402 beno

407 390 487 462 que
507 375 539 435 in
559 377 650 440 Latio
670 378 832 454 agendum
856 379 938 454 suit,
966 381 1004 442 id
1018 383 1084 444 iam
1100 383 1231 444 deum
1265 377 1454 486 benign,
1468 377 1574 460 lump

410 465 538 530 virtute
552 461 683 524 militmn
698 461 739 522 ed
753 461 856 522 linem
872 465 981 526 venit
1005 467 1096 528 onesi
1113 467 1167 528 ad
1187 462 1375 544 Pedum
1395 445 1532 570 Astale
1545 498 1577 552 aa

389 603 392 608 ,
418 560 491 630 que
505 551 579 608 sunt
593 547 749 609 exereitus
763 545 933 623 hostium,
960 551 1089 628 oppida
1101 550 1256 612 Latina
1291 560 1419 649 ⁰¹1²ni
1437 534 1576 634 Sturum,

418 639 504 702 tium
521 647 563 691 ex
580 630 709 691 Volscis
730 637 783 690 aut
803 630 843 690 vi
868 639 971 709 captu
993 641 1050 697 eut
1069 641 1235 712 recepta
1257 631 1307 692 in
1343 651 1448 744 ded,
1464 632 1503 714 §t
1517 643 1575 719 An·

424 714 597 802 praesidiis
612 719 752 775 tenentur
766 715 907 778 vestris.
944 719 1074 796 reliqua
1090 719 1357 792 consultatio
1382 768 1408 816 e
1436 701 1568 802 monem

426 805 514 868 niam
532 798 712 860 rebellando
733 797 876 873 saepius
899 817 964 863 nos
987 804 1196 882 sollicitant,
1237 818 1366 888 quon
1435 781 1461 853 ι’
1494 816 1558 874 quo.

346 960 347 963 Ἴ
430 892 583 970 perpetus
597 897 676 960 pace
692 881 820 957 quietos
840 885 1061 948 obtineamus.
1086 889 1123 949 di
1141 849 1451 982 immortalffi
1469 888 1551 952 modo

432 976 577 1052 potentes
590 964 825 1049 huiusnconsilii
844 969 1004 1046 fecerunt,
1026 978 1069 1046 ut,
1095 973 1146 1035 sit
1158 974 1333 1048 Latium
1356 947 1551 1078 dgsttavos

432 1070 496 1118 non
518 1053 572 1127 sit,
594 1051 625 1110 in
639 1056 867 1113 vestramanu
889 1054 1068 1130 posuerint.
1106 1056 1246 1136 itaque
1265 1074 1381 1150 paee
1415 1041 1501 1106 lnde
1515 1071 1550 1121 an

436 1135 521 1216 quod
543 1135 584 1196 ad
598 1132 725 1194 Latinos
747 1133 886 1213 attinet,
910 1154 1027 1214 parare
1048 1139 1081 1200 in
1103 1149 1351 1230 perpetuum
1380 1114 1546 1246 'vnvobis

432 1219 547 1284 viendo
562 1218 614 1278 vel
634 1216 835 1292 ignoscendo
853 1223 1005 1297 potestis.
1040 1226 1143 1288 vultis
1170 1227 1395 1328 crudqster
1411 1199 1453 1260 el
1474 1227 1545 1281 sae.

436 1311 502 1370 lere
522 1304 553 1364 in
576 1300 700 1364 deditos
718 1299 901 1380 victosque
921 1330 983 1365 -ι
1006 1308 1079 1370 licet
1095 1311 1224 1374 delere
1244 1327 1363 1403 οιῃῃΘ
1378 1294 1542 1417 L⁰⁰318tu

434 1397 541 1456 vastas
556 1387 629 1449 inde
643 1383 833 1448 solitudines
851 1389 972 1469 faeere,
994 1395 1080 1456 unde
1095 1396 1227 1458 sociali
1247 1413 1379 1503 egregi
1413 1373 1535 1462 assum,

436 1479 499 1540 citu
519 1488 577 1550 per
598 1469 692 1530 multa
715 1468 801 1528 bella
824 1488 1012 1552 magnaque
1035 1494 1139 1555 saepo
1161 1481 1224 1544 usi
1254 1499 1345 1569 esp·8
1378 1453 1404 1498 ⁰
1425 1461 1532 1559 ‘³⁸⁶3'-

437 1555 580 1632 exemplo
596 1553 748 1614 maiorum
764 1569 890 1630 augere
905 1575 975 1620 rem
989 1562 1173 1626 Romanam
1191 1567 1309 1642 victos
1325 1591 1363 1656 p„
1380 1539 1523 1664 cfvlfffls

435 1655 499 1708 tem
513 1635 694 1714 accipiendo
709 1657 768 1690 -ι
800 1642 939 1702 materia
955 1647 1121 1708 crescendi
1137 1665 1207 1726 per
1224 1667 1392 1742 summam
1415 1625 1515 1754 ‘323-

436 1719 713 1799 riumsuppeditat
736 1725 823 1780 certe
834 1721 871 1784 id
882 1724 1101 1792 firmissimum
1112 1733 1217 1812 longe
1228 1736 1401 1826 imperium
1412 1708 1508 1835 ξεο·

438 1825 501 1890 quo
522 1805 704 1869 obedientes
724 1803 877 1876 gaudent.
913 1811 976 1876 sed
991 1821 1146 1878 maturato
1174 1835 1261 1896 opus
1284 1845 1349 1914 est,
1374 1787 1497 1922 quid}

439 1891 515 1974 quid
536 1895 670 1952 statuere
690 1885 805 1961 placet.
842 1896 891 1954 tot
907 1899 1051 1974 populos
1065 1900 1147 1962 inter
1161 1918 1257 1978 spem
1278 1927 1488 2003 metumque

439 1989 612 2054 suspensos
627 1969 720 2032 animi
734 1969 878 2051 hebetia,
903 1985 936 2040 ct
948 1987 1088 2044 vestram
1103 1985 1213 2062 itaque
1229 1990 1271 2052 de
1286 1998 1333 2061 eis
1349 2019 1486 2076 curam

374 2105 376 2108 -
440 2077 533 2142 quarn
552 2058 683 2136 primum
697 2053 823 2118 absolvi
838 2065 871 2120 et
884 2060 1011 2126 illorum
1027 2067 1167 2145 animos,
1191 2071 1265 2134 dum
1287 2093 1484 2158 exspecta.

439 2151 523 2214 tione
535 2146 667 2220 stupent
682 2151 741 2234 seu
750 2153 861 2214 poena
871 2161 930 2207 seu
942 2146 1100 2212 beneficio
1112 2163 1341 2234 praeoccupari
1357 2180 1484 2242 opor.

441 2239 494 2294 tet.
532 2232 672 2288 nostrum
691 2221 749 2280 furt
773 2224 918 2304 erficere,
945 2238 981 2294 ut
1005 2235 1144 2296 omnium
1166 2251 1271 2297 rerunr
1292 2243 1384 2304 vobis
1416 2256 1484 2316 ad

441 2310 668 2380 consulendum
682 2308 826 2380 potestas
842 2319 936 2388 esset,
950 2324 1097 2384 vestrum
1112 2325 1161 2379 est
1176 2318 1346 2382 decernere
1361 2337 1485 2402 quod

441 2401 590 2478 optimum
603 2390 697 2454 vobis
715 2387 831 2464 reique
845 2395 990 2470 publicae
1005 2401 1083 2464 sit‘t
1117 2403 1201 2463 XIV.
1222 2400 1388 2480 Principes
1407 2429 1484 2476 se-

441 2493 531 2546 natus
546 2478 726 2540 relationem
748 2479 890 2540 consulis
905 2479 945 2542 de
959 2497 1088 2546 summa
1101 2499 1208 2546 rerum
1221 2484 1366 2558 laudare3
1396 2499 1484 2562 sed

441 2583 513 2630 uun
523 2564 652 2626 aliorum
663 2571 759 2620 causa
773 2557 838 2621 alia
849 2571 941 2641 esset,
955 2566 999 2626 ita
1016 2568 1166 2648 expediri
1177 2581 1275 2642 posse
1287 2570 1485 2644 consilium

442 2653 555 2726 dicere,
578 2653 611 2709 ut
623 2661 681 2726 pro
696 2639 807 2704 merito
824 2648 976 2726 cuiusque
991 2657 1199 2722 statueretur,
1222 2649 1251 2709 si
1265 2647 1304 2708 de
1318 2650 1482 2728 singulis

441 2733 621 2797 nominatim
639 2730 793 2794 referrent
811 2733 948 2810 populis.
982 2736 1123 2799 relatum
1147 2733 1240 2808 igitur
1261 2730 1300 2790 de
1321 2730 1483 2810 singulis

443 2822 672 2892 decretumque.
706 2811 880 2877 Lanuvinis
901 2815 1011 2878 civitas
1030 2821 1111 2883 duta
1133 2827 1289 2888 sacraque
1303 2828 1365 2874 sua
1384 2827 1484 2888 red.

443 2902 508 2962 dita
522 2916 591 2964 ourn
612 2915 650 2960 eo
665 2902 700 2960 ut
719 2893 817 2958 aedes
832 2899 984 2976 lucusque
999 2901 1167 2984 Sospitae
1179 2896 1304 2958 lunonis
1321 2911 1483 2972 commu.

413 3025 419 3030 -
442 2985 491 3045 nis
512 2983 680 3046 Lanuvinis
706 2979 915 3062 municipibus
943 2999 1015 3044 eum
1041 2985 1179 3066 populo
1198 2982 1338 3042 Romano
1366 2998 1485 3059 esset.

440 3068 560 3129 Aricini
570 3063 815 3140 Nomentanique
830 3079 861 3133 et
873 3068 989 3134 Pedani
1005 3075 1142 3136 eodem
1158 3067 1301 3161 iubetque
1310 3062 1487 3145 Lanuvini

440 3153 475 3210 in
490 3149 645 3216 civitatem
659 3149 788 3228 accepti.
813 3151 997 3219 tusculanis
1015 3158 1171 3218 servata
1184 3152 1290 3208 civitas
1304 3161 1404 3240 cuam
1418 3153 1487 3222 ha.

439 3233 566 3312 bebant,
589 3239 766 3312 crimenque
779 3237 961 3304 rebellionis
975 3249 995 3294 e
1009 3239 1168 3312 publica
1182 3229 1290 3326 fraude
1303 3243 1338 3288 rn
1350 3244 1487 3312 paucos

441 3324 589 3383 auctores
604 3335 738 3386 versum.
774 3320 806 3382 in
819 3324 1010 3392 Veliternos,
1034 3331 1191 3386 veteres
1205 3324 1290 3373 cives
1303 3309 1489 3412 Romanos,

441 3403 531 3477 quod
545 3407 659 3470 totiens
673 3403 884 3486 rebellassent,
908 3399 1051 3484 graviter
1068 3396 1264 3468 saevitum
1286 3398 1319 3454 et
1331 3399 1415 3460 muri
1429 3406 1492 3472 de*
