3556 4324
1250 195 1316 360 W]

409 398 455 464 to
618 332 745 450 amun
759 387 830 468 vn.
856 345 954 448 ons.
973 384 1084 446 saon
1107 371 1147 452 [ι.
1161 358 1237 422 us·

376 593 378 598 .
420 538 554 608 oooasio
575 539 617 600 in
633 539 783 600 manibus
800 545 903 614 esset,
922 533 1082 614 perpulit
1097 499 1288 591 oonsuletssi
1305 467 1333 552 u
1350 393 1538 632 Kostes'et

423 633 589 690 nonturno
608 639 735 700 pavore
749 623 910 684 attonitos
939 628 980 682 et
998 621 1091 682 eirea
1107 613 1231 710 collem
1251 597 1446 682 castellatim
1472 621 1542 684 dis«
1585 703 1586 708 ἵ

430 712 556 786 sipotos
585 707 843 782 adgrederetur=
877 705 1041 766 credere
1062 702 1161 764 etiam
1185 696 1329 774 ahquos
1353 704 1452 766 adse
1477 721 1540 768 se·

436 789 611 868 quendum
625 791 762 850 emissos
769 805 832 866 per
844 790 984 852 saltum
998 786 1127 866 vagari.
1143 783 1266 846 iussae
1278 786 1423 862 legiones
1434 806 1544 854 arnna

438 887 569 950 capere,
589 889 810 949 egressaeque
827 873 976 948 eastris,
1000 889 1080 935 oum
1093 887 1154 948 per
1169 869 1404 944 exploratores
1419 876 1542 936 notior

437 959 500 1020 iam
511 955 623 1032 saltus
637 963 730 1032 esset,
743 956 797 1016 via
808 958 1025 1031 patentiore
1038 958 1082 1018 ad
1092 957 1224 1016 hostem
1234 953 1414 1029 duounturs
1428 975 1531 1035 quem

438 1041 605 1100 incautum
620 1039 792 1116 improviso
806 1039 977 1116 adortae,
998 1037 1184 1118 cumpaleti
1196 1038 1531 1112 passimSamnitium

439 1123 553 1182 milites
573 1123 888 1200 plerique‘inermes
907 1140 988 1186 nee
1010 1127 1100 1189 coire
1116 1125 1149 1184 in
1166 1137 1277 1183 unum
1294 1138 1352 1184 neo
1367 1140 1453 1188 arma
1468 1143 1530 1190 oa·

439 1221 516 1280 pere
531 1221 599 1266 neo
616 1207 757 1281 recipere
771 1205 857 1264 intra
873 1208 1026 1270 vallum
1043 1226 1081 1271 se
1096 1211 1249 1284 possent,
1273 1213 1441 1282 paventem
1456 1212 1530 1287 pri-

439 1304 524 1348 mum
545 1288 584 1347 in
610 1296 714 1350 oasim
735 1289 970 1366 compellunt,
1010 1293 1131 1354 deinde
1152 1295 1269 1350 eastra
1293 1289 1364 1364 ipsa
1386 1293 1527 1358 turbatis

377 1378 385 1390 ·
440 1370 640 1432 stationibus
660 1373 793 1448 capiunt.
831 1373 1029 1446 perfertur
1046 1378 1130 1438 circa
1145 1374 1269 1436 coliem
1287 1375 1404 1437 elamor
1418 1379 1527 1455 iugat-

439 1469 502 1530 que
518 1469 562 1514 ex
580 1456 653 1516 suis
669 1469 825 1531 quemque
841 1461 1064 1529 praesidiis.
1098 1462 1142 1522 ita
1156 1473 1284 1533 magna
1299 1473 1372 1534 pars
1394 1462 1524 1525 absenti
1583 1485 1585 1489 ·

434 1536 524 1600 hosti
540 1540 661 1602 cassita
686 1554 767 1615 quos
782 1537 868 1598 intra
884 1545 1038 1610 vallum
1053 1551 1160 1624 egerat
1173 1558 1289 1620 pavor
1301 1573 1346 1587 -·-
1359 1545 1444 1608 fuere
1460 1565 1522 1610 au·
1620 1593 1621 1598 η

433 1627 500 1682 tem
528 1623 572 1682 ad
601 1623 730 1698 triginta
754 1621 840 1681 milia
864 1653 925 1668 --
962 1645 1087 1694 omnes
1114 1627 1215 1703 oaesi,
1250 1632 1357 1688 castra
1382 1631 1520 1708 direpta.

432 1703 599 1766 XXXVII.
626 1707 672 1766 Ita
686 1706 783 1766 rebus
795 1705 904 1780 gestis
927 1717 1065 1780 consul
1079 1715 1239 1778 advocata
1258 1712 1518 1776 contioneP.De-

431 1788 474 1848 eii
498 1803 571 1848 non
595 1795 732 1863 coeptas
755 1789 859 1848 solum
883 1801 984 1857 ante
1011 1801 1073 1862 sed
1094 1798 1273 1860 cumulatas
1295 1810 1378 1858 nova
1393 1799 1516 1862 uirtute

427 1871 557 1932 laudes
570 1871 707 1954 Peragit,
725 1879 759 1932 θῑ
774 1876 911 1947 Praeter
924 1881 1094 1946 militaria
1108 1884 1169 1944 alia
1181 1883 1271 1943 dona
1284 1894 1377 1940 aurea
1386 1897 1514 1947 ,corona

425 1970 507 2016 eum
528 1961 564 2014 θῑ
580 1960 709 2028 centum
724 1955 834 2016 bubus
851 1957 1069 2044 eximioque
1083 1983 1145 2028 uno
1162 1966 1235 2028 albo
1254 1962 1371 2038 optimo
1386 1969 1507 2030 auratis

422 2038 597 2098 ⁰0r1¹ib¹ls
621 2037 733 2097 ἅθΰᾶῑ·
769 2039 909 2115 milites,
952 2051 1019 2124 qui
1042 2053 1073 2112 in
1088 2049 1250 2128 praesidio
1267 2046 1358 2108 simul
1372 2050 1505 2127 fuerant,

419 2121 565 2196 duplici
582 2121 744 2180 frumento
768 2122 801 2182 in
817 2133 1052 2210 perpetuum,
1076 2136 1107 2195 in
1122 2131 1303 2211 praesentia
1317 2132 1429 2208 singuli
1444 2135 1503 2198 bu·

415 2203 490 2264 bus
509 2203 606 2266 binis
619 2202 794 2280 {stivisque
808 2206 938 2271 tuniois
956 2216 1085 2280 donati.
1108 2219 1281 2280 seeundum
1294 2219 1429 2280 consulis
1441 2221 1501 2280 do-

409 2287 609 2348 nationem
630 2285 785 2359 legiones
802 2291 1027 2366 gramineam
1043 2317 1192 2362 eoronam
1213 2297 1411 2376 obsidialem,
1434 2305 1497 2364 ola-

403 2385 529 2430 more
545 2370 669 2428 donum
681 2373 935 2451 approbantes,
953 2381 1061 2446 Deoio
1074 2383 1243 2459 imponunt.
1263 2383 1357 2446 altera
1368 2401 1493 2460 corona,
1599 2389 1600 2401 ¹

399 2452 593 2512 el'usdssm
607 2449 746 2544 honoris
764 2455 881 2530 index,
909 2476 933 2520 a
950 2466 1117 2540 praesidio
1133 2483 1192 2527 suo
1207 2468 1350 2543 imposita
1364 2475 1422 2530 est.
1442 2470 1492 2532 his

394 2535 619 2594 decoratus
648 2536 845 2606 insignibus
869 2541 1003 2609 bovem
1033 2549 1180 2610 oxnnium
1199 2550 1288 2612 Marti
1315 2548 1491 2629 immolavit

389 2622 575 2676 eentum
590 2612 694 2672 boves
707 2617 882 2709 militibus
901 2627 997 2692 dono
1014 2631 1108 2706 dedit,
1131 2633 1184 2706 qui
1200 2649 1306 2696 seeum
1320 2637 1350 2696 in
1365 2639 1492 2713 expedi-

381 2699 517 2792 tienne
538 2695 679 2787 fuerant.
705 2699 821 2762 1sdem
836 2707 1002 2774 militibus
1017 2715 1158 2788 legiones
1173 2715 1267 2778 libras
1280 2720 1367 2780 larris
1378 2728 1490 2786 etsex-

377 2789 539 2844 tanos
567 2790 633 2832 Vim
657 2783 902 2876 conlaterana
936 2797 1107 2872 omniaque
1133 2813 1170 2858 ea
1195 2800 1310 2876 ingenti
1335 2805 1489 2868 alacritate

368 2879 466 3006 pag
492 2859 694 2996 elffiorem
712 2867 914 2954 militarem,
941 2881 1078 2942 indioem
1093 2883 1229 2944 omnium
1244 2889 1412 2962 adsensus,
1435 2906 1490 2964 ge-

365 2964 421 3009 re
463 2958 538 3003 an
598 2981 604 2992 ·

515 3019 635 3076 Tertia
650 3036 768 3116 pugna
787 3035 837 3094 ad
858 3041 1052 3108 Suessulam
1066 3049 1235 3114 commissa
1249 3065 1306 3134 est,
1329 3071 1388 3132 qua
1402 3055 1491 3131 fuga·

357 3123 442 3176 tus
466 3121 504 3164 a
515 3097 574 3159 M.
583 3097 716 3195 Valerio
728 3106 945 3190 Samnitium
960 3133 1114 3194 exereitus
1128 3137 1211 3197 omni
1222 3141 1337 3204 robore
1350 3141 1491 3204 iuventu-

354 3199 419 3258 tis
445 3189 591 3248 domo
597 3190 710 3318 giemo
728 3204 929 3293 cartamine
941 3218 1046 3280 ultimo
1060 3217 1215 3282 fortunam
1227 3226 1362 3304 experiri
1372 3226 1490 3286 statuit.

350 3279 415 3341 ab
449 3269 596 3330 suess
632 3279 781 3338 anunm
798 3289 934 3367 trepidi
950 3301 1101 3380 capuam,
1124 3303 1198 3366 inde
1213 3313 1335 3386 equites
1351 3309 1432 3372 citati
1446 3311 1493 3372 ad

908 3575 918 3620 a
935 3570 991 3616 neo
1005 3553 1121 3634 procul
1138 3555 1177 3616 ab
1190 3557 1289 3626 hoste
1302 3568 1402 3628 looum
1416 3575 1492 3634 pem

908 3640 957 3698 ter
971 3652 1074 3719 equos
1091 3643 1271 3708 ceterorum
1286 3649 1490 3714 iumentorum
